<?xml version="1.0" encoding="UTF-8"?><collection xmlns="http://www.loc.gov/MARC21/slim"><record><leader>00514nam--2200169-i-4500</leader><controlfield tag="001">000007655</controlfield><controlfield tag="002">20161230</controlfield><controlfield tag="005">20170116233922</controlfield><controlfield tag="008">060222s1000------------r-----000-0-eng-d</controlfield><datafield ind1=" " ind2=" " tag="100"><subfield code="a">Accary, A</subfield></datafield><datafield ind1=" " ind2=" " tag="245"><subfield code="a">Study of the machining of uranium carbide rods obtained by continous casting under electron bombardment</subfield></datafield><datafield ind1=" " ind2=" " tag="260"><subfield code="a">Harwell</subfield><subfield code="b">Atomic Energy Research Establishment</subfield><subfield code="c">1966</subfield></datafield><datafield ind1=" " ind2=" " tag="300"><subfield code="a">18 p. + 20 Figuri</subfield></datafield><datafield ind1=" " ind2=" " tag="490"><subfield code="a">1052 (Anglia)</subfield></datafield><datafield ind1=" " ind2=" " tag="700"><subfield code="a">Rousset, P</subfield></datafield><datafield ind1=" " ind2=" " tag="852"><subfield code="a">24069</subfield></datafield><datafield ind1=" " ind2=" " tag="CAT"><subfield code="a">SYS</subfield><subfield code="c">20170116</subfield><subfield code="h">233922</subfield></datafield></record></collection>